<marc:collection xmlns:marc="http://www.loc.gov/MARC21/slim" xmlns:xsi="http://www.w3.org/2001/XMLSchema-instance" xsi:schemaLocation="http://www.loc.gov/MARC21/slim http://www.loc.gov/standards/marcxml/schema/MARC21slim.xsd">
    <marc:record type="Bibliographic">
        <marc:leader>05300cem a2200829Ia 4500</marc:leader>
        <marc:controlfield tag="001">7698794</marc:controlfield>
        <marc:controlfield tag="005">20140303142433.0</marc:controlfield>
        <marc:controlfield tag="007">aj aanaa</marc:controlfield>
        <marc:controlfield tag="008">030408s1916    msu       b  f  0   eng d</marc:controlfield>
        <marc:datafield tag="040" ind1=" " ind2=" ">
            <marc:subfield code="a">NjP</marc:subfield>
            <marc:subfield code="c">NjP</marc:subfield>
        </marc:datafield>
        <marc:datafield tag="034" ind1="1" ind2=" ">
            <marc:subfield code="a">a</marc:subfield>
            <marc:subfield code="b">62500</marc:subfield>
            <marc:subfield code="d">W0920000</marc:subfield>
            <marc:subfield code="e">W0890000</marc:subfield>
            <marc:subfield code="f">N0370000</marc:subfield>
            <marc:subfield code="g">N0290000</marc:subfield>
        </marc:datafield>
        <marc:datafield tag="043" ind1=" " ind2=" ">
            <marc:subfield code="a">n-usm--</marc:subfield>
        </marc:datafield>
        <marc:datafield tag="110" ind1="1" ind2=" ">
            <marc:subfield code="a">United States.</marc:subfield>
            <marc:subfield code="b">Mississippi River Commission.</marc:subfield>
        </marc:datafield>
        <marc:datafield tag="245" ind1="1" ind2="0">
            <marc:subfield code="a">Map of the lower Mississippi River from the mouth of the Ohio River to the head of the passes</marc:subfield>
            <marc:subfield code="h">[map] :</marc:subfield>
            <marc:subfield code="b">in thirty three sheets.</marc:subfield>
        </marc:datafield>
        <marc:datafield tag="246" ind1="1" ind2=" ">
            <marc:subfield code="i">Title in upper margin of maps:</marc:subfield>
            <marc:subfield code="a">Mississippi River</marc:subfield>
        </marc:datafield>
        <marc:datafield tag="255" ind1=" " ind2=" ">
            <marc:subfield code="a">Scale 1:62,500 not "Scale 1:63,360. 1 in. to 1 mile."</marc:subfield>
            <marc:subfield code="c">(W 92째--W 89째/N 37째--N 29째).</marc:subfield>
        </marc:datafield>
        <marc:datafield tag="260" ind1=" " ind2=" ">
            <marc:subfield code="a">[Vicksburg, Miss.] :</marc:subfield>
            <marc:subfield code="b">Mississippi River Commission,</marc:subfield>
            <marc:subfield code="c">1916</marc:subfield>
            <marc:subfield code="e">(N.Y. :</marc:subfield>
            <marc:subfield code="f">Snyder &amp; Black)</marc:subfield>
        </marc:datafield>
        <marc:datafield tag="300" ind1=" " ind2=" ">
            <marc:subfield code="a">34 maps ;</marc:subfield>
            <marc:subfield code="c">31 x 56 cm. +</marc:subfield>
            <marc:subfield code="e">2 cover sheets, 1 sheet of tables, 3 index chart sheets (sheets 31 x 56 cm.)</marc:subfield>
        </marc:datafield>
        <marc:datafield tag="500" ind1=" " ind2=" ">
            <marc:subfield code="a">Shows mileage, names of local geographic features and landings, land use, some landowners and plantations.</marc:subfield>
        </marc:datafield>
        <marc:datafield tag="500" ind1=" " ind2=" ">
            <marc:subfield code="a">Title from cover sheet.</marc:subfield>
        </marc:datafield>
        <marc:datafield tag="500" ind1=" " ind2=" ">
            <marc:subfield code="a">"Published in 1884 &amp; 1900, 1895-96 &amp; 1916 by the Mississippi River Commission, created by act of Congress, June 28, 1879."--Cover sheet.</marc:subfield>
        </marc:datafield>
        <marc:datafield tag="500" ind1=" " ind2=" ">
            <marc:subfield code="a">Historic Maps copy has ms. annotations on some sheets; some sheets mounted on cloth.</marc:subfield>
            <marc:subfield code="5">NjP</marc:subfield>
        </marc:datafield>
        <marc:datafield tag="561" ind1=" " ind2=" ">
            <marc:subfield code="a">Historic Maps copy has stamps of Documents Division, Library of Congress and Map Division, Library of Congress.</marc:subfield>
            <marc:subfield code="5">NjP</marc:subfield>
        </marc:datafield>
        <marc:datafield tag="651" ind1=" " ind2="0">
            <marc:subfield code="a">Mississippi River</marc:subfield>
            <marc:subfield code="v">Maps.</marc:subfield>
        </marc:datafield>
        <marc:datafield tag="655" ind1=" " ind2="7">
            <marc:subfield code="a">Maps</marc:subfield>
            <marc:subfield code="z">Mississippi River</marc:subfield>
            <marc:subfield code="y">1916.</marc:subfield>
            <marc:subfield code="2">aat</marc:subfield>
        </marc:datafield>
        <marc:datafield tag="710" ind1="2" ind2=" ">
            <marc:subfield code="a">Snyder &amp; Black Lithogrs,</marc:subfield>
            <marc:subfield code="e">printer.</marc:subfield>
        </marc:datafield>
        <marc:datafield tag="710" ind1="2" ind2=" ">
            <marc:subfield code="a">Library of Congress.</marc:subfield>
            <marc:subfield code="b">Division of Documents,</marc:subfield>
            <marc:subfield code="e">former owner.</marc:subfield>
            <marc:subfield code="5">NjP</marc:subfield>
        </marc:datafield>
        <marc:datafield tag="710" ind1="2" ind2=" ">
            <marc:subfield code="a">Library of Congress.</marc:subfield>
            <marc:subfield code="b">Map Division,</marc:subfield>
            <marc:subfield code="e">former owner.</marc:subfield>
            <marc:subfield code="5">NjP</marc:subfield>
        </marc:datafield>
        <marc:datafield tag="856" ind1="4" ind2="1">
            <marc:subfield code="z">See the map (cover sheet)</marc:subfield>
            <marc:subfield code="u">http://gisserver.princeton.edu/map/28435</marc:subfield>
        </marc:datafield>
        <marc:datafield tag="856" ind1="4" ind2="1">
            <marc:subfield code="z">See the map (cover sheet 2)</marc:subfield>
            <marc:subfield code="u">http://gisserver.princeton.edu/map/28436</marc:subfield>
        </marc:datafield>
        <marc:datafield tag="856" ind1="4" ind2="1">
            <marc:subfield code="z">See the map (commissioners)</marc:subfield>
            <marc:subfield code="u">http://gisserver.princeton.edu/map/28438</marc:subfield>
        </marc:datafield>
        <marc:datafield tag="856" ind1="4" ind2="1">
            <marc:subfield code="z">See the map (table of mid stream distances)</marc:subfield>
            <marc:subfield code="u">http://gisserver.princeton.edu/map/28448</marc:subfield>
        </marc:datafield>
        <marc:datafield tag="856" ind1="4" ind2="1">
            <marc:subfield code="z">See the map (table of mid stream distances, copy 2)</marc:subfield>
            <marc:subfield code="u">http://gisserver.princeton.edu/map/28437</marc:subfield>
        </marc:datafield>
        <marc:datafield tag="856" ind1="4" ind2="1">
            <marc:subfield code="z">See the map (index chart 1)</marc:subfield>
            <marc:subfield code="u">http://gisserver.princeton.edu/map/28447</marc:subfield>
        </marc:datafield>
        <marc:datafield tag="856" ind1="4" ind2="1">
            <marc:subfield code="z">See the map (index chart 2)</marc:subfield>
            <marc:subfield code="u">http://gisserver.princeton.edu/map/28449</marc:subfield>
        </marc:datafield>
        <marc:datafield tag="856" ind1="4" ind2="1">
            <marc:subfield code="z">See the map (index chart 3)</marc:subfield>
            <marc:subfield code="u">http://gisserver.princeton.edu/map/28450</marc:subfield>
        </marc:datafield>
        <marc:datafield tag="856" ind1="4" ind2="1">
            <marc:subfield code="z">See the map (sheet 7)</marc:subfield>
            <marc:subfield code="u">http://gisserver.princeton.edu/map/28439</marc:subfield>
        </marc:datafield>
        <marc:datafield tag="856" ind1="4" ind2="1">
            <marc:subfield code="z">See the map (sheet 8)</marc:subfield>
            <marc:subfield code="u">http://gisserver.princeton.edu/map/28440</marc:subfield>
        </marc:datafield>
        <marc:datafield tag="856" ind1="4" ind2="1">
            <marc:subfield code="z">See the map (sheet 10)</marc:subfield>
            <marc:subfield code="u">http://gisserver.princeton.edu/map/28441</marc:subfield>
        </marc:datafield>
        <marc:datafield tag="856" ind1="4" ind2="1">
            <marc:subfield code="z">See the map (sheet 13)</marc:subfield>
            <marc:subfield code="u">http://gisserver.princeton.edu/map/28442</marc:subfield>
        </marc:datafield>
        <marc:datafield tag="856" ind1="4" ind2="1">
            <marc:subfield code="z">See the map (sheet 14)</marc:subfield>
            <marc:subfield code="u">http://gisserver.princeton.edu/map/28443</marc:subfield>
        </marc:datafield>
        <marc:datafield tag="856" ind1="4" ind2="1">
            <marc:subfield code="z">See the map (sheet 16)</marc:subfield>
            <marc:subfield code="u">http://gisserver.princeton.edu/map/28444</marc:subfield>
        </marc:datafield>
        <marc:datafield tag="856" ind1="4" ind2="1">
            <marc:subfield code="z">See the map (sheet 18)</marc:subfield>
            <marc:subfield code="u">http://gisserver.princeton.edu/map/28445</marc:subfield>
        </marc:datafield>
        <marc:datafield tag="856" ind1="4" ind2="1">
            <marc:subfield code="z">See the map (sheet 19)</marc:subfield>
            <marc:subfield code="u">http://gisserver.princeton.edu/map/28451</marc:subfield>
        </marc:datafield>
        <marc:datafield tag="856" ind1="4" ind2="1">
            <marc:subfield code="z">See the map (sheet 20)</marc:subfield>
            <marc:subfield code="u">http://gisserver.princeton.edu/map/28452</marc:subfield>
        </marc:datafield>
        <marc:datafield tag="856" ind1="4" ind2="1">
            <marc:subfield code="z">See the map (sheet 21)</marc:subfield>
            <marc:subfield code="u">http://gisserver.princeton.edu/map/28453</marc:subfield>
        </marc:datafield>
        <marc:datafield tag="856" ind1="4" ind2="1">
            <marc:subfield code="z">See the map (sheet 22)</marc:subfield>
            <marc:subfield code="u">http://gisserver.princeton.edu/map/28454</marc:subfield>
        </marc:datafield>
        <marc:datafield tag="856" ind1="4" ind2="1">
            <marc:subfield code="z">See the map (sheet 23)</marc:subfield>
            <marc:subfield code="u">http://gisserver.princeton.edu/map/28455</marc:subfield>
        </marc:datafield>
        <marc:datafield tag="856" ind1="4" ind2="1">
            <marc:subfield code="z">See the map (sheet 24)</marc:subfield>
            <marc:subfield code="u">http://gisserver.princeton.edu/map/28456</marc:subfield>
        </marc:datafield>
        <marc:datafield tag="856" ind1="4" ind2="1">
            <marc:subfield code="z">See the map (sheet 25)</marc:subfield>
            <marc:subfield code="u">http://gisserver.princeton.edu/map/28457</marc:subfield>
        </marc:datafield>
        <marc:datafield tag="856" ind1="4" ind2="1">
            <marc:subfield code="z">See the map (sheet 26)</marc:subfield>
            <marc:subfield code="u">http://gisserver.princeton.edu/map/28458</marc:subfield>
        </marc:datafield>
        <marc:datafield tag="856" ind1="4" ind2="1">
            <marc:subfield code="z">See the map (part of sheet 102)</marc:subfield>
            <marc:subfield code="u">http://gisserver.princeton.edu/map/28459</marc:subfield>
        </marc:datafield>
        <marc:datafield tag="856" ind1="4" ind2="1">
            <marc:subfield code="z">See the map (sheet 103)</marc:subfield>
            <marc:subfield code="u">http://gisserver.princeton.edu/map/28460</marc:subfield>
        </marc:datafield>
        <marc:datafield tag="856" ind1="4" ind2="1">
            <marc:subfield code="z">See the map (sheet 104)</marc:subfield>
            <marc:subfield code="u">http://gisserver.princeton.edu/map/28461</marc:subfield>
        </marc:datafield>
        <marc:datafield tag="856" ind1="4" ind2="1">
            <marc:subfield code="z">See the map (sheet 105)</marc:subfield>
            <marc:subfield code="u">http://gisserver.princeton.edu/map/28462</marc:subfield>
        </marc:datafield>
        <marc:datafield tag="856" ind1="4" ind2="1">
            <marc:subfield code="z">See the map (sheet 106)</marc:subfield>
            <marc:subfield code="u">http://gisserver.princeton.edu/map/28463</marc:subfield>
        </marc:datafield>
        <marc:datafield tag="856" ind1="4" ind2="1">
            <marc:subfield code="z">See the map (sheet 107)</marc:subfield>
            <marc:subfield code="u">http://gisserver.princeton.edu/map/28464</marc:subfield>
        </marc:datafield>
        <marc:datafield tag="856" ind1="4" ind2="1">
            <marc:subfield code="z">See the map (sheet 108)</marc:subfield>
            <marc:subfield code="u">http://gisserver.princeton.edu/map/28465</marc:subfield>
        </marc:datafield>
        <marc:datafield tag="856" ind1="4" ind2="1">
            <marc:subfield code="z">See the map (sheet 109)</marc:subfield>
            <marc:subfield code="u">http://gisserver.princeton.edu/map/28466</marc:subfield>
        </marc:datafield>
        <marc:datafield tag="856" ind1="4" ind2="1">
            <marc:subfield code="z">See the map (sheet 110)</marc:subfield>
            <marc:subfield code="u">http://gisserver.princeton.edu/map/28467</marc:subfield>
        </marc:datafield>
        <marc:datafield tag="856" ind1="4" ind2="1">
            <marc:subfield code="z">See the map (sheet 111)</marc:subfield>
            <marc:subfield code="u">http://gisserver.princeton.edu/map/28468</marc:subfield>
        </marc:datafield>
        <marc:datafield tag="856" ind1="4" ind2="1">
            <marc:subfield code="z">See the map (sheet 112)</marc:subfield>
            <marc:subfield code="u">http://gisserver.princeton.edu/map/28469</marc:subfield>
        </marc:datafield>
        <marc:datafield tag="856" ind1="4" ind2="1">
            <marc:subfield code="z">See the map (sheet 113)</marc:subfield>
            <marc:subfield code="u">http://gisserver.princeton.edu/map/28470</marc:subfield>
        </marc:datafield>
        <marc:datafield tag="856" ind1="4" ind2="1">
            <marc:subfield code="z">See the map (sheet 114)</marc:subfield>
            <marc:subfield code="u">http://gisserver.princeton.edu/map/28471</marc:subfield>
        </marc:datafield>
        <marc:datafield tag="856" ind1="4" ind2="1">
            <marc:subfield code="z">See the map (sheet 115)</marc:subfield>
            <marc:subfield code="u">http://gisserver.princeton.edu/map/28472</marc:subfield>
        </marc:datafield>
        <marc:datafield tag="856" ind1="4" ind2="1">
            <marc:subfield code="z">See the map (sheet 116)</marc:subfield>
            <marc:subfield code="u">http://gisserver.princeton.edu/map/28473</marc:subfield>
        </marc:datafield>
        <marc:datafield tag="856" ind1="4" ind2="1">
            <marc:subfield code="z">See the map (sheet 117)</marc:subfield>
            <marc:subfield code="u">http://gisserver.princeton.edu/map/28474</marc:subfield>
        </marc:datafield>
        <marc:datafield tag="856" ind1="4" ind2="1">
            <marc:subfield code="z">See the map (sheet 118)</marc:subfield>
            <marc:subfield code="u">http://gisserver.princeton.edu/map/28475</marc:subfield>
        </marc:datafield>
        <marc:datafield tag="856" ind1="4" ind2="1">
            <marc:subfield code="z">See the map (sheet 119)</marc:subfield>
            <marc:subfield code="u">http://gisserver.princeton.edu/map/28476</marc:subfield>
        </marc:datafield>
        <marc:datafield tag="856" ind1="4" ind2="1">
            <marc:subfield code="z">See the map (sheet 120)</marc:subfield>
            <marc:subfield code="u">http://gisserver.princeton.edu/map/28477</marc:subfield>
        </marc:datafield>
        <marc:datafield tag="904" ind1=" " ind2=" ">
            <marc:subfield code="a">gls</marc:subfield>
            <marc:subfield code="b">g</marc:subfield>
            <marc:subfield code="h">n</marc:subfield>
            <marc:subfield code="c">p</marc:subfield>
            <marc:subfield code="e">20130814</marc:subfield>
        </marc:datafield>
        <marc:datafield tag="902" ind1=" " ind2=" ">
            <marc:subfield code="a">gls</marc:subfield>
            <marc:subfield code="b">o</marc:subfield>
            <marc:subfield code="6">e</marc:subfield>
            <marc:subfield code="7">m</marc:subfield>
            <marc:subfield code="d">v</marc:subfield>
            <marc:subfield code="f">39</marc:subfield>
            <marc:subfield code="e">20130815</marc:subfield>
        </marc:datafield>
    </marc:record>
    <marc:record type="Holdings">
        <marc:leader>00172nx  a22000851  4500</marc:leader>
        <marc:controlfield tag="001">7500493</marc:controlfield>
        <marc:controlfield tag="004">7698794</marc:controlfield>
        <marc:controlfield tag="005">20130814140627.0</marc:controlfield>
        <marc:controlfield tag="008">1308144u    8   1001uu   0901128</marc:controlfield>
        <marc:datafield tag="852" ind1="0" ind2=" ">
            <marc:subfield code="b">map</marc:subfield>
            <marc:subfield code="h">HMC01.1558</marc:subfield>
        </marc:datafield>
    </marc:record>
    <marc:record type="Holdings">
        <marc:leader>00172nx  a22000851  4500</marc:leader>
        <marc:controlfield tag="001">7500500</marc:controlfield>
        <marc:controlfield tag="004">7698794</marc:controlfield>
        <marc:controlfield tag="005">20130814140909.0</marc:controlfield>
        <marc:controlfield tag="008">1308144u    8   1001uu   0901128</marc:controlfield>
        <marc:datafield tag="852" ind1="0" ind2=" ">
            <marc:subfield code="b">map</marc:subfield>
            <marc:subfield code="h">HMC01.1559</marc:subfield>
        </marc:datafield>
    </marc:record>
    <marc:record type="Holdings">
        <marc:leader>00172nx  a22000851  4500</marc:leader>
        <marc:controlfield tag="001">7500505</marc:controlfield>
        <marc:controlfield tag="004">7698794</marc:controlfield>
        <marc:controlfield tag="005">20130814141223.0</marc:controlfield>
        <marc:controlfield tag="008">1308144u    8   1001uu   0901128</marc:controlfield>
        <marc:datafield tag="852" ind1="0" ind2=" ">
            <marc:subfield code="b">map</marc:subfield>
            <marc:subfield code="h">HMC01.1560</marc:subfield>
        </marc:datafield>
    </marc:record>
    <marc:record type="Holdings">
        <marc:leader>00172nx  a22000851  4500</marc:leader>
        <marc:controlfield tag="001">7500510</marc:controlfield>
        <marc:controlfield tag="004">7698794</marc:controlfield>
        <marc:controlfield tag="005">20130814141421.0</marc:controlfield>
        <marc:controlfield tag="008">1308144u    8   1001uu   0901128</marc:controlfield>
        <marc:datafield tag="852" ind1="0" ind2=" ">
            <marc:subfield code="b">map</marc:subfield>
            <marc:subfield code="h">HMC01.1561</marc:subfield>
        </marc:datafield>
    </marc:record>
    <marc:record type="Holdings">
        <marc:leader>00172nx  a22000851  4500</marc:leader>
        <marc:controlfield tag="001">7500516</marc:controlfield>
        <marc:controlfield tag="004">7698794</marc:controlfield>
        <marc:controlfield tag="005">20130814141637.0</marc:controlfield>
        <marc:controlfield tag="008">1308144u    8   1001uu   0901128</marc:controlfield>
        <marc:datafield tag="852" ind1="0" ind2=" ">
            <marc:subfield code="b">map</marc:subfield>
            <marc:subfield code="h">HMC01.1562</marc:subfield>
        </marc:datafield>
    </marc:record>
    <marc:record type="Holdings">
        <marc:leader>00172nx  a22000851  4500</marc:leader>
        <marc:controlfield tag="001">7500519</marc:controlfield>
        <marc:controlfield tag="004">7698794</marc:controlfield>
        <marc:controlfield tag="005">20130814141802.0</marc:controlfield>
        <marc:controlfield tag="008">1308144u    8   1001uu   0901128</marc:controlfield>
        <marc:datafield tag="852" ind1="0" ind2=" ">
            <marc:subfield code="b">map</marc:subfield>
            <marc:subfield code="h">HMC01.1563</marc:subfield>
        </marc:datafield>
    </marc:record>
    <marc:record type="Holdings">
        <marc:leader>00172nx  a22000851  4500</marc:leader>
        <marc:controlfield tag="001">7500528</marc:controlfield>
        <marc:controlfield tag="004">7698794</marc:controlfield>
        <marc:controlfield tag="005">20130814142218.0</marc:controlfield>
        <marc:controlfield tag="008">1308144u    8   1001uu   0901128</marc:controlfield>
        <marc:datafield tag="852" ind1="0" ind2=" ">
            <marc:subfield code="b">map</marc:subfield>
            <marc:subfield code="h">HMC01.1564</marc:subfield>
        </marc:datafield>
    </marc:record>
    <marc:record type="Holdings">
        <marc:leader>00172nx  a22000851  4500</marc:leader>
        <marc:controlfield tag="001">7500532</marc:controlfield>
        <marc:controlfield tag="004">7698794</marc:controlfield>
        <marc:controlfield tag="005">20130814142351.0</marc:controlfield>
        <marc:controlfield tag="008">1308144u    8   1001uu   0901128</marc:controlfield>
        <marc:datafield tag="852" ind1="0" ind2=" ">
            <marc:subfield code="b">map</marc:subfield>
            <marc:subfield code="h">HMC01.1565</marc:subfield>
        </marc:datafield>
    </marc:record>
    <marc:record type="Holdings">
        <marc:leader>00172nx  a22000851  4500</marc:leader>
        <marc:controlfield tag="001">7500535</marc:controlfield>
        <marc:controlfield tag="004">7698794</marc:controlfield>
        <marc:controlfield tag="005">20130814142523.0</marc:controlfield>
        <marc:controlfield tag="008">1308144u    8   1001uu   0901128</marc:controlfield>
        <marc:datafield tag="852" ind1="0" ind2=" ">
            <marc:subfield code="b">map</marc:subfield>
            <marc:subfield code="h">HMC01.1566</marc:subfield>
        </marc:datafield>
    </marc:record>
    <marc:record type="Holdings">
        <marc:leader>00172nx  a22000851  4500</marc:leader>
        <marc:controlfield tag="001">7500538</marc:controlfield>
        <marc:controlfield tag="004">7698794</marc:controlfield>
        <marc:controlfield tag="005">20130814142652.0</marc:controlfield>
        <marc:controlfield tag="008">1308144u    8   1001uu   0901128</marc:controlfield>
        <marc:datafield tag="852" ind1="0" ind2=" ">
            <marc:subfield code="b">map</marc:subfield>
            <marc:subfield code="h">HMC01.1567</marc:subfield>
        </marc:datafield>
    </marc:record>
    <marc:record type="Holdings">
        <marc:leader>00172nx  a22000851  4500</marc:leader>
        <marc:controlfield tag="001">7500544</marc:controlfield>
        <marc:controlfield tag="004">7698794</marc:controlfield>
        <marc:controlfield tag="005">20130814143002.0</marc:controlfield>
        <marc:controlfield tag="008">1308144u    8   1001uu   0901128</marc:controlfield>
        <marc:datafield tag="852" ind1="0" ind2=" ">
            <marc:subfield code="b">map</marc:subfield>
            <marc:subfield code="h">HMC01.1568</marc:subfield>
        </marc:datafield>
    </marc:record>
    <marc:record type="Holdings">
        <marc:leader>00172nx  a22000851  4500</marc:leader>
        <marc:controlfield tag="001">7500548</marc:controlfield>
        <marc:controlfield tag="004">7698794</marc:controlfield>
        <marc:controlfield tag="005">20130814143125.0</marc:controlfield>
        <marc:controlfield tag="008">1308144u    8   1001uu   0901128</marc:controlfield>
        <marc:datafield tag="852" ind1="0" ind2=" ">
            <marc:subfield code="b">map</marc:subfield>
            <marc:subfield code="h">HMC01.1569</marc:subfield>
        </marc:datafield>
    </marc:record>
    <marc:record type="Holdings">
        <marc:leader>00172nx  a22000851  4500</marc:leader>
        <marc:controlfield tag="001">7500551</marc:controlfield>
        <marc:controlfield tag="004">7698794</marc:controlfield>
        <marc:controlfield tag="005">20130814143258.0</marc:controlfield>
        <marc:controlfield tag="008">1308144u    8   1001uu   0901128</marc:controlfield>
        <marc:datafield tag="852" ind1="0" ind2=" ">
            <marc:subfield code="b">map</marc:subfield>
            <marc:subfield code="h">HMC01.1570</marc:subfield>
        </marc:datafield>
    </marc:record>
    <marc:record type="Holdings">
        <marc:leader>00172nx  a22000851  4500</marc:leader>
        <marc:controlfield tag="001">7500554</marc:controlfield>
        <marc:controlfield tag="004">7698794</marc:controlfield>
        <marc:controlfield tag="005">20130814143419.0</marc:controlfield>
        <marc:controlfield tag="008">1308144u    8   1001uu   0901128</marc:controlfield>
        <marc:datafield tag="852" ind1="0" ind2=" ">
            <marc:subfield code="b">map</marc:subfield>
            <marc:subfield code="h">HMC01.1571</marc:subfield>
        </marc:datafield>
    </marc:record>
    <marc:record type="Holdings">
        <marc:leader>00172nx  a22000851  4500</marc:leader>
        <marc:controlfield tag="001">7500557</marc:controlfield>
        <marc:controlfield tag="004">7698794</marc:controlfield>
        <marc:controlfield tag="005">20130814143547.0</marc:controlfield>
        <marc:controlfield tag="008">1308144u    8   1001uu   0901128</marc:controlfield>
        <marc:datafield tag="852" ind1="0" ind2=" ">
            <marc:subfield code="b">map</marc:subfield>
            <marc:subfield code="h">HMC01.1572</marc:subfield>
        </marc:datafield>
    </marc:record>
    <marc:record type="Holdings">
        <marc:leader>00172nx  a22000851  4500</marc:leader>
        <marc:controlfield tag="001">7500562</marc:controlfield>
        <marc:controlfield tag="004">7698794</marc:controlfield>
        <marc:controlfield tag="005">20130814143707.0</marc:controlfield>
        <marc:controlfield tag="008">1308144u    8   1001uu   0901128</marc:controlfield>
        <marc:datafield tag="852" ind1="0" ind2=" ">
            <marc:subfield code="b">map</marc:subfield>
            <marc:subfield code="h">HMC01.1573</marc:subfield>
        </marc:datafield>
    </marc:record>
    <marc:record type="Holdings">
        <marc:leader>00172nx  a22000851  4500</marc:leader>
        <marc:controlfield tag="001">7500567</marc:controlfield>
        <marc:controlfield tag="004">7698794</marc:controlfield>
        <marc:controlfield tag="005">20130814143845.0</marc:controlfield>
        <marc:controlfield tag="008">1308144u    8   1001uu   0901128</marc:controlfield>
        <marc:datafield tag="852" ind1="0" ind2=" ">
            <marc:subfield code="b">map</marc:subfield>
            <marc:subfield code="h">HMC01.1574</marc:subfield>
        </marc:datafield>
    </marc:record>
    <marc:record type="Holdings">
        <marc:leader>00172nx  a22000851  4500</marc:leader>
        <marc:controlfield tag="001">7500570</marc:controlfield>
        <marc:controlfield tag="004">7698794</marc:controlfield>
        <marc:controlfield tag="005">20130814144021.0</marc:controlfield>
        <marc:controlfield tag="008">1308144u    8   1001uu   0901128</marc:controlfield>
        <marc:datafield tag="852" ind1="0" ind2=" ">
            <marc:subfield code="b">map</marc:subfield>
            <marc:subfield code="h">HMC01.1575</marc:subfield>
        </marc:datafield>
    </marc:record>
    <marc:record type="Holdings">
        <marc:leader>00172nx  a22000851  4500</marc:leader>
        <marc:controlfield tag="001">7500573</marc:controlfield>
        <marc:controlfield tag="004">7698794</marc:controlfield>
        <marc:controlfield tag="005">20130814144148.0</marc:controlfield>
        <marc:controlfield tag="008">1308144u    8   1001uu   0901128</marc:controlfield>
        <marc:datafield tag="852" ind1="0" ind2=" ">
            <marc:subfield code="b">map</marc:subfield>
            <marc:subfield code="h">HMC01.1576</marc:subfield>
        </marc:datafield>
    </marc:record>
    <marc:record type="Holdings">
        <marc:leader>00172nx  a22000851  4500</marc:leader>
        <marc:controlfield tag="001">7500578</marc:controlfield>
        <marc:controlfield tag="004">7698794</marc:controlfield>
        <marc:controlfield tag="005">20130814144310.0</marc:controlfield>
        <marc:controlfield tag="008">1308144u    8   1001uu   0901128</marc:controlfield>
        <marc:datafield tag="852" ind1="0" ind2=" ">
            <marc:subfield code="b">map</marc:subfield>
            <marc:subfield code="h">HMC01.1577</marc:subfield>
        </marc:datafield>
    </marc:record>
    <marc:record type="Holdings">
        <marc:leader>00172nx  a22000851  4500</marc:leader>
        <marc:controlfield tag="001">7500581</marc:controlfield>
        <marc:controlfield tag="004">7698794</marc:controlfield>
        <marc:controlfield tag="005">20130814144433.0</marc:controlfield>
        <marc:controlfield tag="008">1308144u    8   1001uu   0901128</marc:controlfield>
        <marc:datafield tag="852" ind1="0" ind2=" ">
            <marc:subfield code="b">map</marc:subfield>
            <marc:subfield code="h">HMC01.1578</marc:subfield>
        </marc:datafield>
    </marc:record>
    <marc:record type="Holdings">
        <marc:leader>00172nx  a22000851  4500</marc:leader>
        <marc:controlfield tag="001">7500585</marc:controlfield>
        <marc:controlfield tag="004">7698794</marc:controlfield>
        <marc:controlfield tag="005">20130814144548.0</marc:controlfield>
        <marc:controlfield tag="008">1308144u    8   1001uu   0901128</marc:controlfield>
        <marc:datafield tag="852" ind1="0" ind2=" ">
            <marc:subfield code="b">map</marc:subfield>
            <marc:subfield code="h">HMC01.1579</marc:subfield>
        </marc:datafield>
    </marc:record>
    <marc:record type="Holdings">
        <marc:leader>00172nx  a22000851  4500</marc:leader>
        <marc:controlfield tag="001">7500589</marc:controlfield>
        <marc:controlfield tag="004">7698794</marc:controlfield>
        <marc:controlfield tag="005">20130814144712.0</marc:controlfield>
        <marc:controlfield tag="008">1308144u    8   1001uu   0901128</marc:controlfield>
        <marc:datafield tag="852" ind1="0" ind2=" ">
            <marc:subfield code="b">map</marc:subfield>
            <marc:subfield code="h">HMC01.1580</marc:subfield>
        </marc:datafield>
    </marc:record>
    <marc:record type="Holdings">
        <marc:leader>00172nx  a22000851  4500</marc:leader>
        <marc:controlfield tag="001">7500594</marc:controlfield>
        <marc:controlfield tag="004">7698794</marc:controlfield>
        <marc:controlfield tag="005">20130814144826.0</marc:controlfield>
        <marc:controlfield tag="008">1308144u    8   1001uu   0901128</marc:controlfield>
        <marc:datafield tag="852" ind1="0" ind2=" ">
            <marc:subfield code="b">map</marc:subfield>
            <marc:subfield code="h">HMC01.1581</marc:subfield>
        </marc:datafield>
    </marc:record>
    <marc:record type="Holdings">
        <marc:leader>00172nx  a22000851  4500</marc:leader>
        <marc:controlfield tag="001">7501583</marc:controlfield>
        <marc:controlfield tag="004">7698794</marc:controlfield>
        <marc:controlfield tag="005">20130815095838.0</marc:controlfield>
        <marc:controlfield tag="008">1308154u    8   1001uu   0901128</marc:controlfield>
        <marc:datafield tag="852" ind1="0" ind2=" ">
            <marc:subfield code="b">map</marc:subfield>
            <marc:subfield code="h">HMC01.1582</marc:subfield>
        </marc:datafield>
    </marc:record>
    <marc:record type="Holdings">
        <marc:leader>00172nx  a22000851  4500</marc:leader>
        <marc:controlfield tag="001">7501594</marc:controlfield>
        <marc:controlfield tag="004">7698794</marc:controlfield>
        <marc:controlfield tag="005">20130815100316.0</marc:controlfield>
        <marc:controlfield tag="008">1308154u    8   1001uu   0901128</marc:controlfield>
        <marc:datafield tag="852" ind1="0" ind2=" ">
            <marc:subfield code="b">map</marc:subfield>
            <marc:subfield code="h">HMC01.1583</marc:subfield>
        </marc:datafield>
    </marc:record>
    <marc:record type="Holdings">
        <marc:leader>00172nx  a22000851  4500</marc:leader>
        <marc:controlfield tag="001">7501599</marc:controlfield>
        <marc:controlfield tag="004">7698794</marc:controlfield>
        <marc:controlfield tag="005">20130815100454.0</marc:controlfield>
        <marc:controlfield tag="008">1308154u    8   1001uu   0901128</marc:controlfield>
        <marc:datafield tag="852" ind1="0" ind2=" ">
            <marc:subfield code="b">map</marc:subfield>
            <marc:subfield code="h">HMC01.1584</marc:subfield>
        </marc:datafield>
    </marc:record>
    <marc:record type="Holdings">
        <marc:leader>00172nx  a22000851  4500</marc:leader>
        <marc:controlfield tag="001">7501603</marc:controlfield>
        <marc:controlfield tag="004">7698794</marc:controlfield>
        <marc:controlfield tag="005">20130815100641.0</marc:controlfield>
        <marc:controlfield tag="008">1308154u    8   1001uu   0901128</marc:controlfield>
        <marc:datafield tag="852" ind1="0" ind2=" ">
            <marc:subfield code="b">map</marc:subfield>
            <marc:subfield code="h">HMC01.1585</marc:subfield>
        </marc:datafield>
    </marc:record>
    <marc:record type="Holdings">
        <marc:leader>00172nx  a22000851  4500</marc:leader>
        <marc:controlfield tag="001">7501609</marc:controlfield>
        <marc:controlfield tag="004">7698794</marc:controlfield>
        <marc:controlfield tag="005">20130815100825.0</marc:controlfield>
        <marc:controlfield tag="008">1308154u    8   1001uu   0901128</marc:controlfield>
        <marc:datafield tag="852" ind1="0" ind2=" ">
            <marc:subfield code="b">map</marc:subfield>
            <marc:subfield code="h">HMC01.6229</marc:subfield>
        </marc:datafield>
    </marc:record>
    <marc:record type="Holdings">
        <marc:leader>00172nx  a22000851  4500</marc:leader>
        <marc:controlfield tag="001">7501621</marc:controlfield>
        <marc:controlfield tag="004">7698794</marc:controlfield>
        <marc:controlfield tag="005">20130815101335.0</marc:controlfield>
        <marc:controlfield tag="008">1308154u    8   1001uu   0901128</marc:controlfield>
        <marc:datafield tag="852" ind1="0" ind2=" ">
            <marc:subfield code="b">map</marc:subfield>
            <marc:subfield code="h">HMC01.6230</marc:subfield>
        </marc:datafield>
    </marc:record>
    <marc:record type="Holdings">
        <marc:leader>00172nx  a22000851  4500</marc:leader>
        <marc:controlfield tag="001">7501762</marc:controlfield>
        <marc:controlfield tag="004">7698794</marc:controlfield>
        <marc:controlfield tag="005">20130815111612.0</marc:controlfield>
        <marc:controlfield tag="008">1308154u    8   1001uu   0901128</marc:controlfield>
        <marc:datafield tag="852" ind1="0" ind2=" ">
            <marc:subfield code="b">map</marc:subfield>
            <marc:subfield code="h">HMC01.1279</marc:subfield>
        </marc:datafield>
    </marc:record>
    <marc:record type="Holdings">
        <marc:leader>00172nx  a22000851  4500</marc:leader>
        <marc:controlfield tag="001">7501770</marc:controlfield>
        <marc:controlfield tag="004">7698794</marc:controlfield>
        <marc:controlfield tag="005">20130815111937.0</marc:controlfield>
        <marc:controlfield tag="008">1308154u    8   1001uu   0901128</marc:controlfield>
        <marc:datafield tag="852" ind1="0" ind2=" ">
            <marc:subfield code="b">map</marc:subfield>
            <marc:subfield code="h">HMC01.1280</marc:subfield>
        </marc:datafield>
    </marc:record>
    <marc:record type="Holdings">
        <marc:leader>00172nx  a22000851  4500</marc:leader>
        <marc:controlfield tag="001">7501776</marc:controlfield>
        <marc:controlfield tag="004">7698794</marc:controlfield>
        <marc:controlfield tag="005">20130815112105.0</marc:controlfield>
        <marc:controlfield tag="008">1308154u    8   1001uu   0901128</marc:controlfield>
        <marc:datafield tag="852" ind1="0" ind2=" ">
            <marc:subfield code="b">map</marc:subfield>
            <marc:subfield code="h">HMC01.1281</marc:subfield>
        </marc:datafield>
    </marc:record>
    <marc:record type="Holdings">
        <marc:leader>00172nx  a22000851  4500</marc:leader>
        <marc:controlfield tag="001">7501782</marc:controlfield>
        <marc:controlfield tag="004">7698794</marc:controlfield>
        <marc:controlfield tag="005">20130815112245.0</marc:controlfield>
        <marc:controlfield tag="008">1308154u    8   1001uu   0901128</marc:controlfield>
        <marc:datafield tag="852" ind1="0" ind2=" ">
            <marc:subfield code="b">map</marc:subfield>
            <marc:subfield code="h">HMC01.1282</marc:subfield>
        </marc:datafield>
    </marc:record>
    <marc:record type="Holdings">
        <marc:leader>00172nx  a22000851  4500</marc:leader>
        <marc:controlfield tag="001">7501786</marc:controlfield>
        <marc:controlfield tag="004">7698794</marc:controlfield>
        <marc:controlfield tag="005">20130815112423.0</marc:controlfield>
        <marc:controlfield tag="008">1308154u    8   1001uu   0901128</marc:controlfield>
        <marc:datafield tag="852" ind1="0" ind2=" ">
            <marc:subfield code="b">map</marc:subfield>
            <marc:subfield code="h">HMC01.1283</marc:subfield>
        </marc:datafield>
    </marc:record>
    <marc:record type="Holdings">
        <marc:leader>00172nx  a22000851  4500</marc:leader>
        <marc:controlfield tag="001">7501791</marc:controlfield>
        <marc:controlfield tag="004">7698794</marc:controlfield>
        <marc:controlfield tag="005">20130815112604.0</marc:controlfield>
        <marc:controlfield tag="008">1308154u    8   1001uu   0901128</marc:controlfield>
        <marc:datafield tag="852" ind1="0" ind2=" ">
            <marc:subfield code="b">map</marc:subfield>
            <marc:subfield code="h">HMC01.1284</marc:subfield>
        </marc:datafield>
    </marc:record>
    <marc:record type="Holdings">
        <marc:leader>00172nx  a22000851  4500</marc:leader>
        <marc:controlfield tag="001">7501794</marc:controlfield>
        <marc:controlfield tag="004">7698794</marc:controlfield>
        <marc:controlfield tag="005">20130815112727.0</marc:controlfield>
        <marc:controlfield tag="008">1308154u    8   1001uu   0901128</marc:controlfield>
        <marc:datafield tag="852" ind1="0" ind2=" ">
            <marc:subfield code="b">map</marc:subfield>
            <marc:subfield code="h">HMC01.1285</marc:subfield>
        </marc:datafield>
    </marc:record>
    <marc:record type="Holdings">
        <marc:leader>00172nx  a22000851  4500</marc:leader>
        <marc:controlfield tag="001">7501801</marc:controlfield>
        <marc:controlfield tag="004">7698794</marc:controlfield>
        <marc:controlfield tag="005">20130815112902.0</marc:controlfield>
        <marc:controlfield tag="008">1308154u    8   1001uu   0901128</marc:controlfield>
        <marc:datafield tag="852" ind1="0" ind2=" ">
            <marc:subfield code="b">map</marc:subfield>
            <marc:subfield code="h">HMC01.1286</marc:subfield>
        </marc:datafield>
    </marc:record>
    <marc:record type="Holdings">
        <marc:leader>00172nx  a22000851  4500</marc:leader>
        <marc:controlfield tag="001">7501808</marc:controlfield>
        <marc:controlfield tag="004">7698794</marc:controlfield>
        <marc:controlfield tag="005">20130815113128.0</marc:controlfield>
        <marc:controlfield tag="008">1308154u    8   1001uu   0901128</marc:controlfield>
        <marc:datafield tag="852" ind1="0" ind2=" ">
            <marc:subfield code="b">map</marc:subfield>
            <marc:subfield code="h">HMC01.6248</marc:subfield>
        </marc:datafield>
    </marc:record>
</marc:collection>
